<record><leader>00000cas a22000007a 4500</leader><controlfield tag="001">13020281</controlfield><controlfield tag="008">860114d18821886tnuwr ne      0    0eng  </controlfield><controlfield tag="009">466</controlfield><datafield ind1=" " ind2=" " tag="010"><subfield code="a">sn 86071012 </subfield></datafield><datafield ind1=" " ind2=" " tag="040"><subfield code="a">DLC</subfield><subfield code="b">eng</subfield><subfield code="c">DLC</subfield><subfield code="d">TGN</subfield><subfield code="d">OCLCQ</subfield><subfield code="d">OCLCF</subfield><subfield code="d">OCLCO</subfield></datafield><datafield ind1=" " ind2=" " tag="042"><subfield code="a">msc</subfield></datafield><datafield ind1="0" ind2="0" tag="050"><subfield code="a">Newspaper 9793-X</subfield></datafield><datafield ind1="0" ind2=" " tag="130"><subfield code="a">Republican chronicle (Knoxville, Tenn.)</subfield></datafield><datafield ind1="0" ind2="4" tag="245"><subfield code="a">The Republican chronicle.</subfield></datafield><datafield ind1=" " ind2=" " tag="260"><subfield code="a">Knoxville, Tenn. :</subfield><subfield code="b">Chronicle Co.,</subfield><subfield code="c">1882-1886.</subfield></datafield><datafield ind1=" " ind2=" " tag="300"><subfield code="a">v. :</subfield><subfield code="b">ill. (chiefly advertisements) ;</subfield><subfield code="c">56 cm.</subfield></datafield><datafield ind1=" " ind2=" " tag="310"><subfield code="a">Weekly</subfield></datafield><datafield ind1="0" ind2=" " tag="362"><subfield code="a">Vol. 44, no. 38 (Dec. 13, 1882)-July 28, 1886.</subfield></datafield><datafield ind1=" " ind2=" " tag="515"><subfield code="a">Numbering ceased with Vol. 47, no. 40 (Dec. 30, 1885) = whole no. 2396.</subfield></datafield><datafield ind1=" " ind2=" " tag="580"><subfield code="a">Formed by the union of: Republican (Knoxville, Tenn.), and: Knoxville Whig and chronicle.</subfield></datafield><datafield ind1=" " ind2="0" tag="651"><subfield code="a">Knoxville (Tenn.)</subfield><subfield code="v">Newspapers.</subfield></datafield><datafield ind1=" " ind2="0" tag="651"><subfield code="a">Knox County (Tenn.)</subfield><subfield code="v">Newspapers.</subfield></datafield><datafield ind1=" " ind2="7" tag="655"><subfield code="a">Newspapers.</subfield><subfield code="2">fast</subfield><subfield code="0">(OCoLC)fst01423814</subfield></datafield><datafield ind1=" " ind2="7" tag="651"><subfield code="a">Tennessee</subfield><subfield code="z">Knox County.</subfield><subfield code="2">fast</subfield><subfield code="0">(OCoLC)fst01215247</subfield></datafield><datafield ind1=" " ind2="7" tag="651"><subfield code="a">Tennessee</subfield><subfield code="z">Knoxville.</subfield><subfield code="2">fast</subfield><subfield code="0">(OCoLC)fst01206442</subfield></datafield><datafield ind1=" " ind2=" " tag="752"><subfield code="a">United States</subfield><subfield code="b">Tennessee</subfield><subfield code="c">Knox</subfield><subfield code="d">Knoxville.</subfield></datafield><datafield ind1="0" ind2=" " tag="775"><subfield code="t">Knoxville daily chronicle (Knoxville, Tenn. : 1870)</subfield><subfield code="g">1882</subfield><subfield code="w">(DLC)sn 85033437</subfield></datafield><datafield ind1="0" ind2=" " tag="775"><subfield code="t">Daily chronicle (Knoxville, Tenn.)</subfield><subfield code="g">1882-1885</subfield><subfield code="w">(DLC)sn 00063989</subfield></datafield><datafield ind1="0" ind2=" " tag="775"><subfield code="t">Knoxville daily chronicle (Knoxville, Tenn. : 1885)</subfield><subfield code="g">1885-1886</subfield><subfield code="w">(DLC)sn 00063990</subfield></datafield><datafield ind1="1" ind2="4" tag="780"><subfield code="t">Republican (Knoxville, Tenn.)</subfield><subfield code="w">(DLC)sn 86071027</subfield></datafield><datafield ind1="1" ind2="4" tag="780"><subfield code="t">Knoxville Whig and chronicle</subfield><subfield code="w">(DLC)sn 85042534</subfield></datafield><datafield ind1="0" ind2="0" tag="785"><subfield code="t">Weekly chronicle (Knoxville, Tenn.)</subfield><subfield code="w">(DLC)sn 85042909</subfield></datafield></record>